<?xml version="1.0" encoding="UTF-8"?><collection xmlns="http://www.loc.gov/MARC21/slim"><record><leader>00474nam--2200169-i-4500</leader><controlfield tag="001">000001755</controlfield><controlfield tag="002">20161230</controlfield><controlfield tag="005">20170208133145</controlfield><controlfield tag="008">060222s1000------------r-----000-0-eng-d</controlfield><datafield ind1=" " ind2=" " tag="080"><subfield code="a">538.9.001:546.3</subfield></datafield><datafield ind1=" " ind2=" " tag="100"><subfield code="a">Donovan, B</subfield></datafield><datafield ind1=" " ind2=" " tag="245"><subfield code="a">Elementary theory of metals</subfield></datafield><datafield ind1=" " ind2=" " tag="260"><subfield code="a">Oxford</subfield><subfield code="b">Pergamon Press</subfield><subfield code="c">1967</subfield></datafield><datafield ind1=" " ind2=" " tag="300"><subfield code="a">XI + 261 p</subfield></datafield><datafield ind1=" " ind2=" " tag="490"><subfield code="a">The International Encyclopedia Of Physical Chemistry And Chemical Physics</subfield></datafield><datafield ind1=" " ind2=" " tag="852"><subfield code="a">11315</subfield></datafield><datafield ind1=" " ind2=" " tag="CAT"><subfield code="a">SYS</subfield><subfield code="c">20170208</subfield><subfield code="h">133145</subfield></datafield></record></collection>